@article{DBLP:journals/ai/Solnon10,
  author    = {Christine Solnon},
  title     = {AllDifferent-based filtering for subgraph isomorphism},
  journal   = {Artif. Intell.},
  volume    = {174},
  number    = {12-13},
  pages     = {850--864},
  year      = {2010},
  url       = {http://dx.doi.org/10.1016/j.artint.2010.05.002},
  doi       = {10.1016/j.artint.2010.05.002},
  timestamp = {Thu, 09 Sep 2010 10:40:31 +0200},
  biburl    = {http://dblp.uni-trier.de/rec/bib/journals/ai/Solnon10},
  bibsource = {dblp computer science bibliography, http://dblp.org}
}

@inproceedings{DBLP:conf/cp/McCreeshP15,
  author    = {Ciaran McCreesh and
               Patrick Prosser},
  title     = {A Parallel, Backjumping Subgraph Isomorphism Algorithm Using Supplemental
               Graphs},
  booktitle = {Principles and Practice of Constraint Programming - 21st International
               Conference, {CP} 2015, Cork, Ireland, August 31 - September 4, 2015,
               Proceedings},
  pages     = {295--312},
  year      = {2015},
  crossref  = {DBLP:conf/cp/2015},
  url       = {http://dx.doi.org/10.1007/978-3-319-23219-5_21},
  doi       = {10.1007/978-3-319-23219-5_21},
  timestamp = {Thu, 13 Aug 2015 15:29:28 +0200},
  biburl    = {http://dblp.uni-trier.de/rec/bib/conf/cp/McCreeshP15},
  bibsource = {dblp computer science bibliography, http://dblp.org}
}

@proceedings{DBLP:conf/cp/2015,
  editor    = {Gilles Pesant},
  title     = {Principles and Practice of Constraint Programming - 21st International
               Conference, {CP} 2015, Cork, Ireland, August 31 - September 4, 2015,
               Proceedings},
  series    = {Lecture Notes in Computer Science},
  volume    = {9255},
  publisher = {Springer},
  year      = {2015},
  url       = {http://dx.doi.org/10.1007/978-3-319-23219-5},
  doi       = {10.1007/978-3-319-23219-5},
  isbn      = {978-3-319-23218-8},
  timestamp = {Thu, 13 Aug 2015 15:25:08 +0200},
  biburl    = {http://dblp.uni-trier.de/rec/bib/conf/cp/2015},
  bibsource = {dblp computer science bibliography, http://dblp.org}
}

@inproceedings{DBLP:conf/cp/AudemardLMGP14,
  author    = {Gilles Audemard and
               Christophe Lecoutre and
               Mouny Samy Modeliar and
               Gilles Goncalves and
               Daniel Cosmin Porumbel},
  title     = {Scoring-Based Neighborhood Dominance for the Subgraph Isomorphism
               Problem},
  booktitle = {Principles and Practice of Constraint Programming - 20th International
               Conference, {CP} 2014, Lyon, France, September 8-12, 2014. Proceedings},
  pages     = {125--141},
  year      = {2014},
  crossref  = {DBLP:conf/cp/2014},
  url       = {http://dx.doi.org/10.1007/978-3-319-10428-7_12},
  doi       = {10.1007/978-3-319-10428-7_12},
  timestamp = {Fri, 09 Oct 2015 10:03:30 +0200},
  biburl    = {http://dblp.uni-trier.de/rec/bib/conf/cp/AudemardLMGP14},
  bibsource = {dblp computer science bibliography, http://dblp.org}
}

@proceedings{DBLP:conf/cp/2014,
  editor    = {Barry O'Sullivan},
  title     = {Principles and Practice of Constraint Programming - 20th International
               Conference, {CP} 2014, Lyon, France, September 8-12, 2014. Proceedings},
  series    = {Lecture Notes in Computer Science},
  volume    = {8656},
  publisher = {Springer},
  year      = {2014},
  url       = {http://dx.doi.org/10.1007/978-3-319-10428-7},
  doi       = {10.1007/978-3-319-10428-7},
  isbn      = {978-3-319-10427-0},
  timestamp = {Wed, 10 Sep 2014 14:25:52 +0200},
  biburl    = {http://dblp.uni-trier.de/rec/bib/conf/cp/2014},
  bibsource = {dblp computer science bibliography, http://dblp.org}
}

@inproceedings{CP2016MCSPaper,
  author    = {Ciaran McCreesh and Samba Ndojh Ndiaye and Patrick Prosser and Christine Solnon},
  title     = {Clique and Constraint Models for Maximum Common (Connected) Subgraph Problems},
  booktitle = {Principles and Practice of Constraint Programming - 22nd International
                 Conference, {CP} 2016, Toulouse, France, September 5-9, 2016. Proceedings},
  year      = {2016},
  note      = {To appear}
}

